@manual{pythonLangRef,
  organization = {Python Software Foundation},
  title = {The Python Language Reference},
  edition = {3.6.4},
  year = {2017},
  month = dec,
  url = {http://web.archive.org/web/20171228181357/https://docs.python.org/3/reference/index.html},
  urldate = {2017-12-28},
}
@manual{goProgLangSpec,
  organization = {Google LLC and Go contributors},
  title = {The Go Programming Language Specification},
  year = {2017},
  month = 06,
  url = {http://web.archive.org/web/20171207185023/https://golang.org/ref/spec},
  urldate = {2017-12-07},
}
@manual{ecmascriptSpec,
  organization = {Ecma International},
  title = {ECMAScript 2017 Language Specification},
  edition = {7th edition of ECMA-262},
  year = {2017},
  month = 06,
  url = {http://web.archive.org/web/20171208103931/https://www.ecma-international.org/publications/files/ECMA-ST/Ecma-262.pdf},
  urldate = {2017-12-08},
}
@manual{estreeSpec,
  author = {Dave Herman and Ingvar Stepanyan and Nicholas C. Zakas and
            Mike Sherov and Ariya Hidayat and Michael Ficarra and
            Henry Zhu and Logan Smyth and Daniel Tschinder},
  title = {The ESTree Spec},
  year = {2017},
  month = 10,
  url = {https://github.com/estree/estree/blob/1da8e603237144f44710360f8feb7a9977e905e0/es5.md},
  urldate = {2017-10-05},
}
@manual{prettierRationale,
  author = {Christopher Chedeau and James Long and Lucas Azzola and Prettier contributors},
  title = {Prettier Formatter Documentation --- Rationale},
  year = {2017},
  month = 11,
  url = {http://web.archive.org/web/20171230163559/https://prettier.io/docs/en/rationale.html},
  urldate = {2017-12-30},
}
@manual{lessMan,
  author = {Mark Nudelman},
  organization = {Free Software Foundation},
  title = {less(1): opposite of more - Linux man page},
  url = {http://web.archive.org/web/20170911212415/https://linux.die.net/man/1/less},
  urldate = {2017-09-11},
}
