@online{acorn,
  title = {acornjs/acorn: A small, fast, JavaScript-based JavaScript parser},
  year = {2018},
  url = {https://github.com/acornjs/acorn/tree/5da6f356e93e30892c0fbe4d0c024897d9071e89},
  urldate = {2018-03-10},
}

@online{factorialExample,
  title = {Examples - Lisp (programming language) - Wikipedia},
  year = {2018},
  url = {https://en.wikipedia.org/w/index.php?title=Lisp_(programming_language)&oldid=816850347#Examples},
  urldate = {2018-03-10},
}

@online{fibonacciExample,
  title = {Generating Fibonacci series in Lisp using recursion?},
  year = {2014},
  month = 04,
  url = {https://web.archive.org/web/20180310151412/https://stackoverflow.com/questions/23065846/generating-fibonacci-series-in-lisp-using-recursion},
  urldate = {2018-03-10},
}

@online{birthdayExample,
  title = {Birthday paradox - Code examples - Common Lisp - Wikipedia},
  year = {2018},
  url = {https://en.wikipedia.org/w/index.php?title=Common_Lisp&oldid=828130382#Birthday_paradox},
  urldate= {2018-03-10}
}
